@Online{ENCOV,
	author = {{WhatsApp Inc.}},
	title = {WhatsApp Encryption Overview},
	url = {https://www.whatsapp.com/security/WhatsApp-Security-Whitepaper.pdf},
	year = {2018}
}


@Online{WS1,
	author = {{Chris Hoffman}},
	title = {How to Use Wireshark to Capture, Filter and Inspect Packets},
	url = {https://www.howtogeek.com/104278/how-to-use-wireshark-to-capture-filter-and-inspect-packets/},
	year = {2017}
}

@Online{tls,
	author = {{JÃ¼rgen Schmidt}},
	title = {Weniger ist mehr: Was die anstehende Version TLS 1.3 bringt},
	url = {https://www.heise.de/ct/ausgabe/2017-4-Was-die-anstehende-Version-TLS-1-3-bringt-3608879.html},
	year = {2017}
}

@Online{tls2,
	author = {{Matt Caswell}},
	title = {Using TLS1.3 With OpenSSL},
	url = {https://www.openssl.org/blog/blog/2017/05/04/tesv1.3/},
	year = {2017}
}

@Online{ALPN,
	author = {{Internet Engineering Task Force}},
	title = {Transport Layer Security (TLS): Application-Layer Protocol Negotiation Extension},
	url = {https://tools.ietf.org/html/rfc7301},
	year = {2014}
}


@Online{WSHelp1,
	author = {{Wireshark, Guy Harris}},
	title = {Wireshark-users: Re: [Wireshark-users] what does "TCP segment of a reassembled PDU" mean?},
	url = {https://www.wireshark.org/lists/wireshark-users/200805/msg00206.html},
	year = {2008}
}